@article{Dimitrios2011,
  author    = {Dimitriadis,Dimitrios and Maragos,Petros and Potamianos,Alexandros},
  title     = {{On the Effects of Filterbank Design and Energy Computation on Robust Speech Recognition}},
  journal   = {IEEE Transactions on Audio, Speech, and Language Processing},
  volume    = {19},
  number    = {6},
  year      = {2011},
  pages     = {1504-1516},
  month		= {August}
}
@INPROCEEDINGS{Hwang2004, 
	author={ Tai-Hwei Hwang and Sen-Chia Chang}, 
	booktitle={proceedings of 4th International Symposium  on Chinese Spoken Language Processing (ISCSLP 2004), Hong Kong}, 
	title={{Energy contour enhancement for noisy speech recognition}}, 
	year={2004}, 
	month={December}, 
	pages={249 - 252}, 

}
@inproceedings{Zhu2005,
    author = {Zhu,Weizhong and O'Shaughnessy,Douglas},
    booktitle = {proceedings of 2005 IEEE International Conference on Acoustics, Speech and Signal Processing(ICASSP), Philadelphia},
    pages = {245-249},
    title = {{Log-energy dynamic range normalization for robust speech recognition}},
    volume = {1},
    year = {2005},
	month = {March}
}

@inproceedings{Ahadi2004,
  author    = {Ahadi,Seyed Mohammad  and
               Sheikhzadeh,Hamid and
               Brennan,Robert L. and
               Freeman,George},
  title     = {{An energy normalization scheme for improved robustness in speech recognition}},
  booktitle = {proceedings of 8th International Conference on Spoken Language Processing(ICSLP 2004), Korea},
  year      = {2004},
  month = {October}
}
@inproceedings{Chengalvarayan1999,
  author = {Chengalvarayan,Rathinavelu},
  booktitle = {proceedings of 6th European Conference on Speech Communication and Technology(EUROSPEECH 1999), Hungary},  
  title = {{Robust energy normalization using speech/nonspeech discriminator for German connected digit recognition.}},
  year = {1999},
  month = {September}
}
@misc{chen2007,	
	note = {陳鴻彬, "On the Study of Energy-Based Speech Feature Normalization and Application to Voice Activity Detection," 國立臺灣師範大學資訊工程學系碩士論文, 2007}
}
@misc{tu2007,	
	note = {杜文祥, "Study on the Voice Activity Detection Techniques for Robust Speech Feature Extraction," 國立暨南國際大學電機工程學系碩士論文, 2007}
}
@ARTICLE{Garreton2010, 
	author={Garreton,Claudio and Yoma,Nestor Becerra and Torres,Matias}, 
	journal={IEEE Transactions on Audio, Speech, and Language Processing}, 
	title={{Channel Robust Feature Transformation Based on Filter-Bank Energy Filtering}}, 
	year={2010}, 
	month={July}, 
	volume={18}, 
	number={5}, 
	pages={1082 -1086}, 
}
@inproceedings{Huang1992,
 author = {Huang, Xuedong},
 title = {{Minimizing speaker variation effects for speaker-independent speech recognition}},
 booktitle = {proceedings of the workshop on Speech and Natural Language},
 year = {1992},
 pages = {191-196},             
 numpages = {6},
}
@ARTICLE{David2007, 
	author={Zhao,David Y. and Kleijn,W. Bastiaan}, 
	journal={IEEE Transactions on Audio, Speech, and Language Processing}, 
	title={{HMM-Based Gain Modeling for Enhancement of Speech in Noise}}, 
	year={2007}, 
	month={March}, 
	volume={15}, 
	number={3}, 
	pages={882-892}, 
}
@ARTICLE{Crookes2011, 
	author={Ming,Ji and Srinivasan,Ramji and Crookes,Danny}, 
	journal={IEEE Transactions on Audio, Speech, and Language Processing}, 
	title={{A Corpus-Based Approach to Speech Enhancement From Nonstationary Noise}}, 
	year={2011}, 
	month={May}, 
	volume={19}, 
	number={4}, 
	pages={822-836}, 
}
@article{Ngo2012,
	author = {Ngo,Kim and Spriet,Ann and Moonen,Marc and Wouters,Jan and Jensen,Soren Holdt},
	title = {{A combined multi-channel Wiener filter-based noise reduction and dynamic range compression in hearing aids}},
	journal = {Signal Processing},
	volume = {92},
	number = {2},
	pages = {417-426},
	year = {2012},
	month = {Feb}	
}

@inproceedings{Randy2004,
  author    = {Randy Gomez and Akinobu Lee and Hiroshi Saruwatari and Kiyohiro Shikano},
  title     = {{Robust speech recognition with spectral subtraction in low SNR}},
  booktitle = {proceedings of 8th International Conference on Spoken Language Processing (ICSLP 2004), Korea},
  year      = {2004},
  month = {October}
}
@INPROCEEDINGS{Macho2001,
	author={Macho, D. and Yan Ming Cheng}, 
	booktitle={proceedings of 2001 IEEE International Conference on Acoustics, Speech and Signal Processing (ICASSP)}, 
	title={{SNR-dependent waveform processing for improving the robustness of ASR front-end}}, 
	year={2001}, 
	volume={1}, 
	pages={305-308},
}
@article{Christophe2007,
  author    = {Christophe Cerisara and
               S{\'e}bastien Demange and
               Jean Paul Haton},
  title     = {{On noise masking for automatic missing data speech recognition: A survey and discussion}},
  journal   = {Computer Speech {\&} Language},
  volume    = {21},
  number    = {3},
  year      = {2007},
  pages     = {443-457}
  month = {July}
}
@article{Veisi2011,
	author = {Veisi,Hadi and Sameti,Hossein},
	title = {{The integration of principal component analysis and cepstral mean subtraction in parallel model combination for robust speech recognition}},
	journal = {The 17th International Conference on Digital Signal Processing(DSP 2011), Greece},
	volume = {21},
	number = {1},
	pages = {36-53},
	year = {2011},
	month = {July}
}
@article{Viikki1988,
	 author = {Viikki, Olli and Laurila, Kari},
	 title = {{Cepstral domain segmental feature vector normalization for noise robust speech recognition}},
	 journal = {Speech Communication},
	 volume = {25},
	 number = {1-3},
	 month = {August},
	 year = {1998},
	 pages = {133-147},
	 numpages = {15},
	% publisher = {Elsevier Science Publishers B. V.},
} 
@article{Tom1998,
  author    = {Tom Claes and Ioannis Dologlou and Louis ten Bosch and Dirk Van Compernolle},
  title     = {{A novel feature transformation for vocal tract length normalization in automatic speech recognition}},
  journal   = {IEEE Transactions on Speech and Audio Processing},
  volume    = {6},
  number    = {6},
  year      = {1998},
  pages     = {549-557},
  month     = {November},
}
@inproceedings{Yasunari2003,
  author    = {Yasunari Obuchi and
               Richard M. Stern},
  title     = {{Normalization of time-derivative parameters using histogram equalization}},
  booktitle = {proceedings of 8th European Conference on Speech Communication and Technology(EUROSPEECH 2003), Switzerland},
  year      = {2003},
  month = {September}
}
@INPROCEEDINGS{Misra2005,
    author = {Misra, H. and Ikbal, S. and Sivadas, S. and Bourlard, H.},    
    title = {{Multi-resolution spectral entropy feature for robust ASR}},	
    booktitle={proceedings of 2005 IEEE International Conference on Acoustics, Speech and Signal Processing(ICASSP), Philadelphia}, 
	title={Multi-resolution Spectral Entropy Feature for Robust ASR}, 
    year = {2005},
	pages = {253-256}, 
    volume = {1},
	month = {March}
}
@INPROCEEDINGS{Raghavan1999, 
	author={Raghavan, P. and Renomeron, R.J. and Che, C. and Yuk, D.-S. and Flanagan, J.L.}, 
	booktitle={proceedings of 1999 IEEE International Conference on Acoustics, Speech, and Signal Processing(ICASSP), Phoenix}, 
	title={{Speech recognition in a reverberant environment using matched filter array (MFA) processing and linguistic-tree maximum likelihood linear regression (LT-MLLR) adaptation}}, 
	year={1999}, 
	month={March}, 
	volume={2}, 
	pages={777-780}
}
 
@ARTICLE{Gauvain1994, 
	author={Gauvain, J. L. and Lee,Chin Hui}, 
	journal={IEEE Transactions on Audio, Speech, and Language Processing}, 
	title={{Maximum a posteriori estimation for multivariate Gaussian mixture observations of Markov chains}}, 
	year={1994}, 
	month={April}, 
	volume={2}, 
	number={2}, 
	pages={291 -298}, 
}
@INPROCEEDINGS{Veisi2009, 
	author={Veisi, H. and Sameti, H.}, 
	booktitle={proceedings of 2009 IEEE Workshop on Automatic Speech Recognition {\&} Understanding(ASRU 2009), Italy},
	title={{An improved parallel model combination method for noisy speech recognition}}, 
	year={2009}, 
	month={December}, 
	pages={237-242}, 
}
@article{Slaney1993, 
  author={Slaney,Malcolm}, 
  title={{An Efficient Implementation of the Patterson-Holdsworth Auditory Filter Bank}}, 
  number={35}, 
  journal={Apple Computer Perception Group Tech Rep}, 
  year={1993}
}




%%%%%%%%%%%%%%%%%%%%%%%%%%%%%%%%%%% no use%%%%%%%%%%%%%%%%%%%%%%%%%%%%%%%%%%%%
@article{Sakhnov2009,
	author		= {Sakhnov, Kirill and Verteletskaya, Ekaterina and Simak, Boris},
	title		= {{Approach for Energy-Based Voice Detector with Adaptive Scaling Factor}},
	journal		= {IAENG International Journal of Computer Science(IJCS)},
	year		= {2009}
}
@article{Krishnamoorthy2011,
 author = {Krishnamoorthy,P. and Prasanna, S. R. M. },
 title = {{Enhancement of noisy speech by temporal and spectral processing}},
 journal = {The 38th International Speech Communication Association (ISCA)},
 volume = {53},
 number = {2},
 month = {feb},
 year = {2011},
 pages = {154-174}
}
@INPROCEEDINGS{Denda2004, 
	author={Denda, Y. and Nishiura, T. and Kawahara, H. and Irino, T.}, 
	booktitle={proceedings of 7th International Conference on Signal Processing (ICSP 2004)}, 
	title={{Speech recognition with wavelet spectral subtraction in real noisy environment}}, 
	year={2004}, 	
	volume={1}, 
	pages={638-641}
}

@article{Furui1981,
  author = {Furui,Sadaoki},
  journal = {IEEE Transactions on Acoustics, Speech, and Signal Processing},
  number = {2},
  pages = {254-272},
  title = {{Cepstral Analysis Technique for Automatic Speaker Verification}},
  volume = 29,
  year = 1981
}


@article{Erell1993, 
	author={Erell,Adoram and Weintraub,Mitchel}, 
	journal={IEEE Transactions on Audio, Speech, and Language Processing}, 
	title={{Filterbank-energy estimation using mixture and Markov models for recognition of noisy speech}}, 
	year={1993}, 
	month={jan}, 
	volume={1}, 
	number={1}, 
	pages={68 -76}
}
@conference{aurora2,
  title={{The AURORA experimental framework for the performance evaluation of speech recognition systems under noisy conditions}},
  author={Pearce,David and Hirsch,Hans Gunter},
  booktitle={proceedings of 6th International Conference on Spoken Language Processing(ICSLP2000)},
  month = {September},
  year={2000}
}
